@book{stackelberg,
    author = {Stackelberg, Heinrich Freiherr},
    title = {{Marktform und Gleichgewicht}},
    year = 1934
}
